<record><leader>00000cas a22000007a 4500</leader><controlfield tag="001">14643117</controlfield><controlfield tag="008">861106c19479999txuwr ne      0    0eng d</controlfield><datafield ind1=" " ind2=" " tag="010"><subfield code="a">sn 86090160 </subfield></datafield><datafield ind1=" " ind2=" " tag="040"><subfield code="a">PPM</subfield><subfield code="b">eng</subfield><subfield code="c">PPM</subfield><subfield code="d">OCLCQ</subfield></datafield><datafield ind1=" " ind2=" " tag="042"><subfield code="a">msc</subfield></datafield><datafield ind1="0" ind2=" " tag="130"><subfield code="a">Labor advocate (El Paso, Tex.)</subfield></datafield><datafield ind1="1" ind2="0" tag="245"><subfield code="a">Labor advocate.</subfield></datafield><datafield ind1=" " ind2=" " tag="260"><subfield code="a">El Paso, Tex. :</subfield><subfield code="b">Marvin L. Shady</subfield></datafield><datafield ind1=" " ind2=" " tag="300"><subfield code="a">v. :</subfield><subfield code="b">ill. ;</subfield><subfield code="c">45 cm.</subfield></datafield><datafield ind1=" " ind2=" " tag="310"><subfield code="a">Weekly</subfield></datafield><datafield ind1="1" ind2=" " tag="362"><subfield code="a">Began in May 1947.</subfield></datafield><datafield ind1=" " ind2=" " tag="500"><subfield code="a">Official paper of the El Paso Building and Trades Council and Central Labor Union.</subfield></datafield><datafield ind1=" " ind2=" " tag="588"><subfield code="a">Description based on: Vol. 41, no. 1 (Feb. 25, 1949).</subfield></datafield><datafield ind1=" " ind2=" " tag="752"><subfield code="a">United States</subfield><subfield code="b">Texas</subfield><subfield code="c">El Paso</subfield><subfield code="d">El Paso.</subfield></datafield><datafield ind1="0" ind2="0" tag="780"><subfield code="t">Paso city and county labor advocate</subfield><subfield code="w">(OCoLC)14201364</subfield></datafield></record>